<?xml version="1.0" encoding="UTF-8"?><collection xmlns="http://www.loc.gov/MARC21/slim"><record><leader>00499nam--2200181-i-4500</leader><controlfield tag="001">000032891</controlfield><controlfield tag="002">20161230</controlfield><controlfield tag="005">20161230201039</controlfield><controlfield tag="008">060222s1000------------r-----000-0-eng-d</controlfield><datafield ind1=" " ind2=" " tag="040"><subfield code="a">IFIN-HH</subfield></datafield><datafield ind1=" " ind2=" " tag="080"><subfield code="a">539.12.01</subfield></datafield><datafield ind1="1" ind2=" " tag="100"><subfield code="a">Lichtenberg, Allan J</subfield></datafield><datafield ind1="1" ind2="0" tag="245"><subfield code="a">Phase-space dynamics of particles</subfield><subfield code="c">Allan j. lichtenberg</subfield></datafield><datafield ind1=" " ind2=" " tag="260"><subfield code="a">New York</subfield><subfield code="b">John Wiley &amp; Sons, Inc</subfield><subfield code="c">1969</subfield></datafield><datafield ind1=" " ind2=" " tag="300"><subfield code="a">331P</subfield></datafield><datafield ind1=" " ind2=" " tag="490"><subfield code="a">Wiley Series In Plasma Physics</subfield></datafield><datafield ind1=" " ind2=" " tag="852"><subfield code="a">30741</subfield><subfield code="c">539.12</subfield></datafield><datafield ind1=" " ind2=" " tag="CAT"><subfield code="a">Sys</subfield><subfield code="c">20111117</subfield><subfield code="h">163604</subfield></datafield></record></collection>